=LDR  06304cas a2201357 a 4500
=001  014651624
=003  Uk
=005  20230319103218.0
=006  m\\\\\\\\d\\\\\\\\
=007  cr\cnu||||||||
=008  990525c19959999sz\\x\pso\\\\\0\\\a0eng\c
=FMT  \\$a  SE
=010  \\$a00208397
=022  0\$a1532-2807$l1219-4956$y1219-4956$22
=035  \\$a(OCoLC)41429364
=040  \\$aSMI$beng$cSMI$dCOU$dNSD$dOCLCQ$dMUQ$dPFM$dDLC$dOCLCQ$dCUS$dBUF$dUk
=042  \\$aukblsr
=050  \4$aRC254.A1
=082  04$a616.99407$223
=130  0\$aPathology oncology research (Online)
=210  0\$aPathol. oncol. res.$b(Online)
=222  \0$aPathology and oncology research$b(Online)
=245  10$aPathology oncology research$h[electronic resource].
=246  13$aPOR
=246  1\$iTitle on some provider sites:$aPathology & oncology research
=246  1\$aPathology and oncology research
=260  \\$a[London] :$bHarcourt
=264  21$31999-2000 :$a[Netherlands] :$bElsevier
=264  21$32008-2020 :$a[Netherlands] :$bSpringer Netherlands
=264  31$32021- :$a[Lausanne] :$b[Frontiers Media]
=321  \\$aQuarterly
=336  \\$atext$2rdacontent
=337  \\$acomputer$2rdamedia
=338  \\$aonline resource$2rdacarrier
=362  0\$aVol. 1, no. 1 (Mar. 1995)-
=510  0\$aChemical abstracts,$x0009-2258
=515  \\$aFrom 2020 articles added, as accepted, to journal webpage.
=588  \\$aDescription based on: Vol. 4, no. 1 (1998); viewed on May 11, 1999.
=588  \\$aLatest issue consulted: 2022 (publisher's website, viewed October 13, 2022).
=540  \\$aCurrent Copyright Fee: GBP29.95$c0$5Uk
=650  \0$aTumors$vPeriodicals.
=650  \0$aOncology$xResearch$vPeriodicals.
=650  \2$aNeoplasms$xpathology$vPeriodicals.
=650  \6$aTumeurs$vPériodiques.
=650  \6$aCancérologie$xRecherche$vPériodiques.
=710  2\$aArányi Lajos Foundation,$eissuing body.
=776  08$iPrint version:$tPathology oncology research$x1219-4956
=856  4\$uhttp://www.sil.si.edu/ProjectAccess/ejournal.htm$zInvalid as of Apr. 21, 2009$zSI community access through SIL homepage
=856  4\$uhttp://www.idealibrary.com$zLink no longer valid as of Aug. 2, 2012:
=856  40$3Abstracts and tables of contents:$uhttp://www.harcourt-international.com/journals$zInvalid as of Apr. 21, 2009
=856  40$uhttp://bibpurl.oclc.org/web/43280
=856  40$uhttp://link.springer.com/journal/12253
=856  40$uhttp://www.springerlink.com/content/120952/
=856  40$uhttp://www.webio.hu/por/
=856  40$uhttps://www.por-journal.com/journals/pathology-and-oncology-research
=859  \\$aXLD$bejournal
=852  41$aBritish Library$bDSC$j6412.824000$3Volume 5:Issue 1(1999)-Volume 24:Issue 2(2018)***See ESTAR for full holdings.
=945  \\$aPathology oncology research
=959  \\$fHeld but not currently received
=979  \\$aBritish Library$bDSC$j6412.824000
=CAT  \\$a7174$b40$c20080624$lBLL01$h1621
=CAT  \\$aBATCH-UPD$b00$c20150820$lBLL01$h1752
=CAT  \\$aIPL-CLA$c20150930$lBLL01$h1827
=CAT  \\$aBATCH-UPD$b00$c20160217$lBLL01$h1639
=CAT  \\$aIPL-CLA$c20160331$lBLL01$h1750
=CAT  \\$aBATCH-UPD$b00$c20160524$lBLL01$h2158
=CAT  \\$aBATCH-UPD$b00$c20160524$lBLL01$h2256
=CAT  \\$aBATCH-UPD$b00$c20160824$lBLL01$h1716
=CAT  \\$aIPL-CLA$c20160930$lBLL01$h1621
=CAT  \\$aBATCH-UPD$b00$c20170216$lBLL01$h1803
=CAT  \\$aIPL-CLA$c20170331$lBLL01$h1859
=CAT  \\$aBATCH-UPD$b00$c20170904$lBLL01$h1804
=CAT  \\$aIPL-CLA$c20170929$lBLL01$h1745
=CAT  \\$aBATCH-UPD$b00$c20180223$lBLL01$h1621
=CAT  \\$aIPL-CLA$c20180331$lBLL01$h1638
=CAT  \\$aW1805-0475$c20180520$lBLL01$h1632
=CAT  \\$aBATCH-UPD$b00$c20180524$lBLL01$h1653
=CAT  \\$aIPL-CLA$c20180630$lBLL01$h1926
=CAT  \\$aW1908-0780$b00$c20200730$lBLL01$h1331
=CAT  \\$a12654$b40$c20210625$lBLL01$h0851
=CAT  \\$aDEL-3PM$c20210628$lBLL01$h1412
=CAT  \\$aBATCH-CLA$b00$c20210928$lBLL01$h1447
=CAT  \\$aIPL-CLA$c20210930$lBLL01$h1528
=CAT  \\$aCDS21$c20220118$lBLL01$h1105
=CAT  \\$a8124$b40$c20221013$lBLL01$h1011
=CAT  \\$a8124$b40$c20221013$lBLL01$h1013
=CAT  \\$a5410$b40$c20230319$lBLL01$h1032
=CFI  0\$aCurrent Copyright Fee: GBP29.95$c0$e01-oct-2021$fGBP29.95$g0$hC$5Uk
=CFI  2\$aPrevious copyright fee: GBP22.50$c0$e25-jun-2021$fGBP22.50$g0$hA$5Uk
=EST  \\$a1
=FIN  \\$aY$d20131113
=LKR  \\$aPAR$b007190578$lBLL01$r776$mPathology & oncology research (Online)$nPathology oncology research (Print).
=MNI  \\$a1219-4956
=SID  \\$aZ39$bOCLC
=TCO  \\$aNLD$bSTICHTING REPRORECHT$c008
=TCO  \\$aXXX$c008
=TOC  \\$aETOC
=UNO  \\$aY
=ACF  \\$aPrevious copyright fee: GBP21.25$c13\1$e01-jan-2009$fGBP21.25$g0$hP$5Uk
=ACF  \\$aPrevious Copyright Fee: GBP16.75$c13\1$e24-jun-2008$fGBP16.75$g0$hP$5Uk
=ACF  \\$aPrevious copyright fee: GBP22.00$c13\1$e01-apr-2009$fGBP22.00$g0$hP$5Uk
=ACF  \\$aPrevious copyright fee: GBP22.00$c13\1$e12-aug-2012$fGBP22.00$g0$hP$5Uk
=ACF  \\$aPrevious copyright fee: GBP25.00$c13\1$e01-jan-2013$fGBP25.00$g0$hP$5Uk
=ACF  \\$aPrevious copyright fee: GBP25.77$c13\1$e01-jul-2013$fGBP25.77$g0$hP$5Uk
=ACF  \\$aPrevious copyright fee: GBP24.97$c13\1$e01-jan-2014$fGBP24.97$g0$hP$5Uk
=ACF  \\$aPrevious copyright fee: GBP24.21$c13\1$e01-jul-2014$fGBP24.21$g0$hP$5Uk
=ACF  \\$aPrevious copyright fee: GBP25.77$c13\1$e01-apr-2015$fGBP25.77$g0$hP$5Uk
=ACF  \\$aPrevious copyright fee: GBP26.63$c13\1$e01-jul-2015$fGBP26.63$g0$hP$5Uk
=ACF  \\$aPrevious copyright fee: GBP25.77$c13\1$e01-oct-2015$fGBP25.77$g0$hP$5Uk
=ACF  \\$aPrevious copyright fee: GBP27.55$c13\1$e01-apr-2016$fGBP27.55$g0$hP$5Uk
=ACF  \\$aPrevious copyright fee: GBP29.59$c13\1$e01-oct-2016$fGBP29.59$g0$hP$5Uk
=ACF  \\$aPrevious copyright fee: GBP31.96$c13\1$e01-apr-2017$fGBP31.96$g0$hP$5Uk
=ACF  \\$aPrevious copyright fee: GBP30.73$c13\1$e01-oct-2017$fGBP30.73$g0$hP$5Uk
=ACF  \\$aPrevious copyright fee: GBP34.00$c22\1$e01-jul-2018$fGBP34.00$g0$hP$5Uk
=ACF  \\$aPrevious copyright fee: GBP28.54$c13\1$e01-apr-2018$fGBP28.54$g0$hP$5Uk
=LAS  \\$a5410$b40$c20230319$lBLL01$h1032

