=LDR  07181cas a2201429 a 4500
=001  012432219
=003  Uk
=005  20230222152037.0
=006  m\\\\\o\\d\\\\\\\\
=007  cr\mnu||||||||
=008  990617c19599999gw\qx\p\o\\\\\0\\\a0eng\c
=FMT  \\$a  SE
=010  \\$a2004233278
=019  c\$a102035364
=022  \\$a1573-8264$l0006-3134$y0006-3134$2j
=035  \\$a(OCoLC)41557826
=040  \\$aF#A$beng$cF#A$dOCLCQ$dMUQ$dOCLCQ$dGUA$dOCLCQ$dGUA$dCLU$dOCLCQ$dMYG$dOCLCQ$dBUF$dOCLCQ$dUk
=041  0\$aeng$afre$ager$arus
=042  \\$aukblsr
=050  14$aQK1
=082  04$a580
=130  0\$aBiologia plantarum (Online)
=210  0\$aBiol. plant.$b(Dordr., Online)
=222  \0$aBiologia plantarum$b(Dordrecht. Online)
=245  10$aBiologia plantarum$h[electronic resource].
=260  \\$31997-$a[Dordrecht] :$bKluwer Academic Publishers
=260  3\$3<2010-> :$aHeidelberg :$bSpringer
=310  \\$a4 issues a year
=336  \\$atext$2rdacontent
=337  \\$acomputer$2rdamedia
=338  \\$aonline resource$2rdacarrier
=362  1\$aPrint began with Tomus 1, 1, published in 1959.
=595  \\$aFORMERLY 3120.5 CHANGE BETWEEN VOL. 7, 1958 AND 1, 1959 SEE ALSO SERIAL RECORDS SCRI.
=525  \\$aSupplements accompany some vols.
=546  \\$aEnglish, French, German, Russian; summaries in Czech, English, and Russian; English, <1991->
=550  \\$aVols. for 1962- issued by Czechoslovak Academy of Science, Institute of Experimental Botany.
=588  \\$aDescription based on: Vol. 39, issue 1 (1997); title from contents screen (publisher's Web site, viewed Feb. 12, 2004).
=588  \\$aLatest issue consulted: Vol. 54, issue 3 (Sept. 2010) (viewed Jun. 25, 2010).
=540  \\$aCurrent Copyright Fee: GBP29.95$c0$5Uk
=650  \0$aBotany$vPeriodicals.
=710  2\$aČeskoslovenská akademie věd.
=710  2\$aBiologický ústav (Československá akademie věd)
=710  2\$aÚstav experimentální botaniky ČSAV.
=776  08$iPrint version:$tBiologia plantarum$x0006-3134
=856  4\$uhttp://www.kluweronline.com/issn/0006-3134/contents$zLink no longer valid as of Dec. 4, 2012:
=856  40$uhttp://firstsearch.oclc.org$zAddress for accessing the journal using authorization number and password through OCLC FirstSearch Electronic Collections Online
=856  40$uhttp://firstsearch.oclc.org/journal=0006-3134;screen=info;ECOIP$zAddress for accessing the journal from an authorized IP address through OCLC FirstSearch Electronic Collections Online
=856  40$uhttp://link.springer.com/journal/10535
=856  40$uhttp://www.springerlink.com/openurl.asp?genre=journal&issn=0006-3134
=859  \\$aXLD$bejournal
=852  41$aBritish Library$bDSC$j2072.850000$3Volume 39:Issue 1(1997)-Volume 62:Issue 1(2018)***See ESTAR for full holdings.
=945  \\$aBIOLOGIA PLANTARUM.
=959  \\$fHeld but not currently received
=963  \\$aCA/U-2 4, 1962- 34, 1992 *A=1$bY
=979  \\$aBritish Library$bDSC$j2072.850000
=985  \\$aCorrected by BSS-generated file for WR# 08/157
=A02  \\$a102035364
=CAT  \\$aCONV$b00$c20040425$lBLL90$h0712
=CAT  \\$aBATCH-UPD$b00$c20150820$lBLL01$h1751
=CAT  \\$aIPL-CLA$c20150930$lBLL01$h1800
=CAT  \\$aBATCH-UPD$b00$c20160217$lBLL01$h1637
=CAT  \\$aIPL-CLA$c20160331$lBLL01$h1721
=CAT  \\$aBATCH-UPD$b00$c20160524$lBLL01$h2155
=CAT  \\$aBATCH-UPD$b00$c20160524$lBLL01$h2244
=CAT  \\$aBATCH-UPD$b00$c20160824$lBLL01$h1714
=CAT  \\$aIPL-CLA$c20160930$lBLL01$h1558
=CAT  \\$aBATCH-UPD$b00$c20170216$lBLL01$h1801
=CAT  \\$aIPL-CLA$c20170331$lBLL01$h1840
=CAT  \\$aBATCH-UPD$b00$c20170904$lBLL01$h1803
=CAT  \\$aIPL-CLA$c20170929$lBLL01$h1724
=CAT  \\$aBATCH-UPD$b00$c20180223$lBLL01$h1618
=CAT  \\$aIPL-CLA$c20180331$lBLL01$h1615
=CAT  \\$aW1805-0475$c20180520$lBLL01$h1631
=CAT  \\$aBATCH-UPD$b00$c20180524$lBLL01$h1652
=CAT  \\$aIPL-CLA$c20180630$lBLL01$h1914
=CAT  \\$a5552$b40$c20181128$lBLL01$h1059
=CAT  \\$aBATCH-UPD$b40$c20181204$lBLL01$h2319
=CAT  \\$aIPL-CLA$c20181231$lBLL01$h1539
=CAT  \\$aDEL-3PM$c20190115$lBLL01$h1428
=CAT  \\$aBATCH-CLA$b00$c20190321$lBLL01$h1904
=CAT  \\$aIPL-CLA$c20190331$lBLL01$h1725
=CAT  \\$aW1908-0780$b00$c20200730$lBLL01$h1323
=CAT  \\$a11033$b40$c20200803$lBLL01$h1208
=CAT  \\$a5410$b40$c20230222$lBLL01$h1520
=CFI  0\$aCurrent Copyright Fee: GBP29.95$c0$e01-apr-2019$fGBP29.95$g0$hC$5Uk
=CFI  2\$aPrevious Copyright Fee: GBP17.50$c0$e01-jan-2019$fGBP17.50$g0$hA$5Uk
=EST  \\$a1
=FIN  \\$aY
=LEO  \\$aMP10.0000629489
=LKR  \\$aPAR$b008890779$lBLL01$r776$mBiologia plantarum (Dordrecht. Online)$nBiologia plantarum
=MNI  \\$a0006-3134
=SID  \\$aZ39$bOCLC
=SRC  \\$aDSS01$bbibmp10.200404.2.aa
=TCO  \\$aXXX$c008
=TOC  \\$aETOC
=UNO  \\$aY
=ACF  \\$aPrevious copyright fee: GBP21.25$c13\1$e01-jan-2009$fGBP21.25$g0$hP$5Uk
=ACF  \\$aPrevious copyright fee: GBP16.75$c13\1$e01-jan-2007$fGBP16.75$g0$hP$5Uk
=ACF  \\$aPrevious copyright fee: GBP16.22$c13\1$e01-oct-2006$fGBP16.22$g0$hP$5Uk
=ACF  \\$aPrevious copyright fee: GBP17.14$c13\1$e01-apr-2006$fGBP17.14$g0$hP$5Uk
=ACF  \\$aPrevious copyright fee: GBP16.67$c13\1$e01-jan-2006$fGBP16.67$g0$hP$5Uk
=ACF  \\$aPrevious copyright fee: GBP16.22$c13\1$e01-apr-2005$fGBP16.22$g0$hP$5Uk
=ACF  \\$aPrevious copyright fee: GBP16.67$c13\1$e01-jan-2005$fGBP16.67$g0$hP$5Uk
=ACF  \\$aPrevious copyright fee: GBP13.51$c13\1$e01-apr-2004$fGBP13.51$g0$hP$5Uk
=ACF  \\$aCurrent copyright fee: GBP14.71$c13\1$e01-jan-2004$fGBP14.71$g0$hP$5Uk
=ACF  \\$aCurrent copyright fee: GBP15.63$c13\1$e01-jan-2003$fGBP15.63$g0$hP$5Uk
=ACF  \\$aPrevious copyright fee: GBP22.00$c13\1$e01-apr-2009$fGBP22.00$g0$hP$5Uk
=ACF  \\$aPrevious copyright fee: GBP22.00$c13\1$e12-aug-2012$fGBP22.00$g0$hP$5Uk
=ACF  \\$aPrevious copyright fee: GBP25.00$c13\1$e01-jan-2013$fGBP25.00$g0$hP$5Uk
=ACF  \\$aPrevious copyright fee: GBP25.77$c13\1$e01-jul-2013$fGBP25.77$g0$hP$5Uk
=ACF  \\$aPrevious copyright fee: GBP24.97$c13\1$e01-jan-2014$fGBP24.97$g0$hP$5Uk
=ACF  \\$aPrevious copyright fee: GBP24.21$c13\1$e01-jul-2014$fGBP24.21$g0$hP$5Uk
=ACF  \\$aPrevious copyright fee: GBP25.77$c13\1$e01-apr-2015$fGBP25.77$g0$hP$5Uk
=ACF  \\$aPrevious copyright fee: GBP26.63$c13\1$e01-jul-2015$fGBP26.63$g0$hP$5Uk
=ACF  \\$aPrevious copyright fee: GBP25.77$c13\1$e01-oct-2015$fGBP25.77$g0$hP$5Uk
=ACF  \\$aPrevious copyright fee: GBP27.55$c13\1$e01-apr-2016$fGBP27.55$g0$hP$5Uk
=ACF  \\$aPrevious copyright fee: GBP29.59$c13\1$e01-oct-2016$fGBP29.59$g0$hP$5Uk
=ACF  \\$aPrevious copyright fee: GBP31.96$c13\1$e01-apr-2017$fGBP31.96$g0$hP$5Uk
=ACF  \\$aPrevious copyright fee: GBP30.73$c13\1$e01-oct-2017$fGBP30.73$g0$hP$5Uk
=ACF  \\$aPrevious copyright fee: GBP28.54$c13\1$e01-apr-2018$fGBP28.54$g0$hP$5Uk
=ACF  \\$aPrevious copyright fee: GBP34.00$c22\1$e01-jul-2018$fGBP34.00$g0$hP$5Uk
=LAS  \\$a5410$b40$c20230222$lBLL01$h1520

