=LDR  06690cas a2201369 a 4500
=001  012434725
=003  Uk
=005  20230101214503.0
=006  m\\\\\o\\d\\\\\\\\
=007  cr\|||||||||||
=008  990729c19679999xr\qr\pso\\\\\0\\\a0eng\c
=FMT  \\$a  SE
=010  \\$a  2004233097
=019  c\$a102124575
=022  \\$a1573-9058
=035  \\$a(OCoLC)41977020
=040  \\$aF#A$beng$cF#A$dOCLCQ$dGUA$dOCLCQ$dU9S$dGUA$dOCLCQ$dOCLCO$dOCLCQ$dOCLCF$dUk
=042  \\$aukblsr
=050  14$aQK882
=082  04$a572.46$223
=130  0\$aPhotosynthetica (Online)
=210  0\$aPhotosynthetica$b(Dordr., Online)
=222  \0$aPhotosynthetica$b(Dordrecht. Online)
=245  10$aPhotosynthetica$h[electronic resource].
=260  \\$a[Dordrecht] :$bKluwer Academic Publishers
=264  31$a[Prague] :$bThe Institute of Experimental Biology of the Czech Academy of Sciences
=264  32$aHeidelberg :$bSpringer
=310  \\$aQuarterly
=336  \\$atext$2rdacontent
=337  \\$acomputer$2rdamedia
=338  \\$aonline resource$2rdacarrier
=362  1\$aPrint began in 1967.
=500  \\$a"International journal for photosynthesis research."
=515  \\$aSome nos. issued in combined form.
=538  \\$aMode of access: World Wide Web.
=588  \\$aDescription based on: Vol. 33, issue 1 (1997); title from contents screen (publisher's Web site, viewed Feb. 19, 2004).
=588  \\$aLatest issue consulted: volume 53, issue 3 (September 2015) (SpringerLink, viewed October 16, 2015).
=540  \\$aBritish Library not licensed to copy$c0$5Uk
=650  \0$aPhotosynthesis$vPeriodicals.
=650  \6$aPhotosynthèse$vPériodiques.
=650  \7$aPhotosynthesis.$2fast$0(OCoLC)fst01062108
=655  \7$aPeriodicals.$2fast$0(OCoLC)fst01411641
=710  2\$aÚstav experimentální botaniky ČSAV.
=710  2\$aÚstav experimentální botaniky (Akademie věd České republiky)
=776  08$iPrint version:$tPhotosynthetica$x0300-3604
=856  4\$uhttp://www.kluweronline.com/issn/0300-3604/contents$zLink no longer valid
=856  4\$uhttp://firstsearch.oclc.org$zAddress for accessing the journal using authorization number and password through OCLC FirstSearch Electronic Collections Online
=856  40$uhttp://link.springer.com/journal/11099
=859  \\$aXLD$bejournal
=852  41$aBritish Library$bDSC$j6474.370000$3Volume 33:Issue 1(1997)-Volume 55:Issue 4(2017)***See ESTAR for full holdings.
=945  \\$aPHOTOSYNTHETICA -PRAHA-.
=959  \\$fHeld but not currently received
=979  \\$aBritish Library$bDSC$j6474.370000
=CAT  \\$aCONV$b00$c20040425$lBLL90$h0713
=CAT  \\$aBATCH-UPD$b00$c20150820$lBLL01$h1848
=CAT  \\$aIPL-CLA$c20150930$lBLL01$h1801
=CAT  \\$a11316$b40$c20151016$lBLL01$h1113
=CAT  \\$aBATCH-UPD$b40$c20160217$lBLL01$h1740
=CAT  \\$aIPL-CLA$c20160331$lBLL01$h1721
=CAT  \\$aBATCH-UPD$b00$c20160524$lBLL01$h2209
=CAT  \\$aBATCH-UPD$b00$c20160525$lBLL01$h0014
=CAT  \\$aBATCH-UPD$b00$c20160824$lBLL01$h1807
=CAT  \\$aIPL-CLA$c20160930$lBLL01$h1559
=CAT  \\$aBATCH-UPD$b00$c20170216$lBLL01$h1855
=CAT  \\$aIPL-CLA$c20170331$lBLL01$h1841
=CAT  \\$aBATCH-UPD$b00$c20170904$lBLL01$h1906
=CAT  \\$aIPL-CLA$c20170929$lBLL01$h1725
=CAT  \\$aBATCH-UPD$b00$c20180223$lBLL01$h1739
=CAT  \\$aIPL-CLA$c20180331$lBLL01$h1616
=CAT  \\$aW1805-0475$c20180520$lBLL01$h1631
=CAT  \\$aBATCH-UPD$b00$c20180524$lBLL01$h1725
=CAT  \\$aIPL-CLA$c20180630$lBLL01$h1914
=CAT  \\$a5552$b40$c20181128$lBLL01$h1103
=CAT  \\$aDEL-3PM$c20181213$lBLL01$h1540
=CAT  \\$a5552$b40$c20181214$lBLL01$h1429
=CAT  \\$aIPL-CLA$c20181231$lBLL01$h1540
=CAT  \\$aW1908-0780$b00$c20200730$lBLL01$h1325
=CAT  \\$a11033$b40$c20200803$lBLL01$h1216
=CAT  \\$a5410$b40$c20230101$lBLL01$h2145
=CFI  0\$aBritish Library not licensed to copy$c0$e01-jan-2019$hC$iCFP Excluded$5Uk
=CFI  2\$aPrevious Copyright Fee: GBP17.50$c0$e28-nov-2018$fGBP17.50$g0$hA$5Uk
=EST  \\$a1
=FIN  \\$aY
=LEO  \\$aMP10.0000631995
=LKR  \\$aPAR$b007862720$lBLL01$r776$mPhotosynthetica (Online)$nPhotosynthetica (Print)
=MNI  \\$a0300-3604
=SID  \\$aZ39$bOCLC
=SRC  \\$aDSS01$bbibmp10.200404.2.aa
=TCO  \\$aXXX$c008
=TOC  \\$aETOC
=ACF  \\$aPrevious copyright fee: GBP21.25$c23\1$e01-jan-2009$fGBP21.25$g0$hP$5Uk
=ACF  \\$aPrevious copyright fee: GBP16.75$c23\1$e01-jan-2007$fGBP16.75$g0$hP$5Uk
=ACF  \\$aPrevious copyright fee: GBP16.22$c23\1$e01-oct-2006$fGBP16.22$g0$hP$5Uk
=ACF  \\$aPrevious copyright fee: GBP17.14$c23\1$e01-apr-2006$fGBP17.14$g0$hP$5Uk
=ACF  \\$aPrevious copyright fee: GBP16.67$c23\1$e01-jan-2006$fGBP16.67$g0$hP$5Uk
=ACF  \\$aPrevious copyright fee: GBP16.22$c23\1$e01-aug-2005$fGBP16.22$g0$hP$5Uk
=ACF  \\$aPrevious copyright fee: GBP16.22$c13\1$e01-apr-2005$fGBP16.22$g0$hP$5Uk
=ACF  \\$aPrevious copyright fee: GBP16.67$c13\1$e01-jan-2005$fGBP16.67$g0$hP$5Uk
=ACF  \\$aPrevious copyright fee: GBP13.51$c13\1$e01-apr-2004$fGBP13.51$g0$hP$5Uk
=ACF  \\$aCurrent copyright fee: GBP14.71$c13\1$e01-jan-2004$fGBP14.71$g0$hP$5Uk
=ACF  \\$aCurrent copyright fee: GBP15.63$c13\1$e01-jan-2003$fGBP15.63$g0$hP$5Uk
=ACF  \\$aPrevious copyright fee: GBP22.00$c23\1$e01-apr-2009$fGBP22.00$g0$hP$5Uk
=ACF  \\$aPrevious copyright fee: GBP22.00$c23\1$e12-aug-2012$fGBP22.00$g0$hP$5Uk
=ACF  \\$aPrevious copyright fee: GBP25.00$c23\1$e01-jan-2013$fGBP25.00$g0$hP$5Uk
=ACF  \\$aPrevious copyright fee: GBP25.77$c23\1$e01-jul-2013$fGBP25.77$g0$hP$5Uk
=ACF  \\$aPrevious copyright fee: GBP24.97$c23\1$e01-jan-2014$fGBP24.97$g0$hP$5Uk
=ACF  \\$aPrevious copyright fee: GBP24.21$c23\1$e01-jul-2014$fGBP24.21$g0$hP$5Uk
=ACF  \\$aPrevious copyright fee: GBP25.77$c23\1$e01-apr-2015$fGBP25.77$g0$hP$5Uk
=ACF  \\$aPrevious copyright fee: GBP26.63$c23\1$e01-jul-2015$fGBP26.63$g0$hP$5Uk
=ACF  \\$aPrevious copyright fee: GBP25.77$c23\1$e01-oct-2015$fGBP25.77$g0$hP$5Uk
=ACF  \\$aPrevious copyright fee: GBP27.55$c23\1$e01-apr-2016$fGBP27.55$g0$hP$5Uk
=ACF  \\$aPrevious copyright fee: GBP29.59$c23\1$e01-oct-2016$fGBP29.59$g0$hP$5Uk
=ACF  \\$aPrevious copyright fee: GBP31.96$c23\1$e01-apr-2017$fGBP31.96$g0$hP$5Uk
=ACF  \\$aPrevious copyright fee: GBP30.73$c23\1$e01-oct-2017$fGBP30.73$g0$hP$5Uk
=ACF  \\$aPrevious copyright fee: GBP34.00$c22\1$e01-jul-2018$fGBP34.00$g0$hP$5Uk
=ACF  \\$aPrevious copyright fee: GBP28.54$c23\1$e01-apr-2018$fGBP28.54$g0$hP$5Uk
=LAS  \\$a5410$b40$c20230101$lBLL01$h2145

