=LDR  05239cas a2201189 a 4500
=001  015791349
=003  Uk
=005  20230703112442.0
=006  m\\\\\\\\d\\\\\\\\
=007  cr\cn|||||||||
=008  001113c19649999iluqr\pss\\\\\0\\\a0eng\c
=FMT  \\$a  SE
=010  \\$a2001212195$zsn 97023244
=022  \\$a1533-7790$y0070-3370
=035  \\$a(OCoLC)45340640$z(OCoLC)38037333$z(OCoLC)38127873$z(OCoLC)47261840
=040  \\$aJHE$cJHE$dOCL$dNSD$dEYM$dOCLCQ$dKSU$dOCLCQ$dUk
=042  \\$ansdp$aukblsr
=050  14$aHB881.A1$bD53
=082  0\$a304.605$222
=130  0\$aDemography (Chicago, (Ill.). Online)
=210  0\$aDemography$b(Online)
=222  \0$aDemography$b(Online)
=245  10$aDemography$h[electronic resource].
=260  \\$aChicago :$bPopulation Association of America,$c1964-
=260  2\$aSilver Spring, Md. :$bPopulation Association of America
=260  3\$32011-$aNew York, N.Y. :$bSpringer
=310  \\$aQuarterly,$b1969-
=321  \\$aSemi-annual,$b1966-1968
=321  \\$aAnnual,$b1964-1965
=336  \\$atext$2rdacontent
=337  \\$acomputer$2rdamedia
=338  \\$aonline resource$2rdacarrier
=362  1\$aPrint began in 1964.
=588  \\$aDescription based on: Vol. 37, no. 4 (Nov. 2000); title from title screen (viewed Nov. 9, 2000).
=588  \\$aLatest issues consulted: vol. 48, no. 1 (Feb. 2011). (SpringerLink, viewed 18th Apr. 2011).
=530  \\$aAlso issued in print.
=538  \\$aMode of access: World Wide Web.
=540  \\$aCurrent copyright fee: GBP29.95$c0$5Uk
=650  \0$aDemography$vPeriodicals.
=690  7\$aSocial Welfare$2blcoll
=710  2\$aPopulation Association of America.
=776  1\$tDemography$x0070-3370
=856  40$uhttp://muse.jhu.edu/journals/dem
=856  40$uhttp://www.jstor.org/journals/00703370.html
=856  40$uhttp://www.springerlink.com/content/0070-3370/
=859  \\$aXLD$bejournal
=852  41$aBritish Library$bDSC$j3550.610000$3Volume 34:Issue 2(1997)-Volume 55:Issue 1(2018)***See ESTAR for full holdings.
=945  \\$aDemography -Chicago then Washington the Silver Spring-
=959  \\$fHeld but not currently received
=979  \\$aBritish Library$bDSC$j3550.610000
=CAT  \\$a12500$b40$c20110413$lBLL01$h1003
=CAT  \\$aBATCH-UPD$b00$c20150820$lBLL01$h1839
=CAT  \\$aIPL-CLA$c20150930$lBLL01$h1841
=CAT  \\$aBATCH-UPD$b00$c20160217$lBLL01$h1729
=CAT  \\$aIPL-CLA$c20160331$lBLL01$h1804
=CAT  \\$aBATCH-UPD$b00$c20160524$lBLL01$h2214
=CAT  \\$aBATCH-UPD$b00$c20160525$lBLL01$h0052
=CAT  \\$aBATCH-UPD$b00$c20160824$lBLL01$h1756
=CAT  \\$aIPL-CLA$c20160930$lBLL01$h1632
=CAT  \\$aBATCH-UPD$b00$c20170216$lBLL01$h1845
=CAT  \\$aIPL-CLA$c20170331$lBLL01$h1910
=CAT  \\$aBATCH-UPD$b00$c20170904$lBLL01$h1854
=CAT  \\$aIPL-CLA$c20170929$lBLL01$h1756
=CAT  \\$aBATCH-UPD$b00$c20180223$lBLL01$h1726
=CAT  \\$aIPL-CLA$c20180331$lBLL01$h1654
=CAT  \\$aW1805-0475$c20180520$lBLL01$h1632
=CAT  \\$aBATCH-UPD$b00$c20180524$lBLL01$h1715
=CAT  \\$aIPL-CLA$c20180630$lBLL01$h1933
=CAT  \\$aW1908-0780$b00$c20200730$lBLL01$h1332
=CAT  \\$a12654$b40$c20210426$lBLL01$h1054
=CAT  \\$aDEL-3PM$c20210505$lBLL01$h1507
=CAT  \\$aCDS21$c20220118$lBLL01$h1105
=CAT  \\$a12654$b40$c20220120$lBLL01$h1156
=CAT  \\$a5410$b40$c20230409$lBLL01$h1221
=CAT  \\$a5410$b40$c20230420$lBLL01$h1250
=CAT  \\$aBATCH-FIX$c20230511$lBLL01$h1630
=CAT  \\$a5410$b40$c20230703$lBLL01$h1124
=CFI  0\$aCurrent copyright fee: GBP29.95$c0$e20-jan-2022$fGBP29.95$g0$hC$5Uk
=CFI  2\$aPrevious copyright fee: GBP22.50$c0$e26-apr-2021$fGBP22.50$g0$hA$5Uk
=EST  \\$a1
=FIN  \\$aY$d20110419
=MNI  \\$a0070-3370
=SID  \\$aZ39$bOCLC
=TCO  \\$aTRS$bCCC$c008
=TOC  \\$aETOC
=UNO  \\$aY
=ACF  \\$aPrevious copyright fee: GBP34.00$c22\1$e01-jul-2018$fGBP34.00$g0$hP$5Uk
=ACF  \\$aPrevious copyright fee: GBP28.54$c22\3$e01-apr-2018$fGBP28.54$g0$hP$5Uk
=ACF  \\$aPrevious copyright fee: GBP22.00$c22\3$e13-apr-2011$fGBP22.00$g0$hP$5Uk
=ACF  \\$aPrevious copyright fee: GBP22.00$c22\3$e12-aug-2012$fGBP22.00$g0$hP$5Uk
=ACF  \\$aPrevious copyright fee: GBP25.00$c22\3$e01-jan-2013$fGBP25.00$g0$hP$5Uk
=ACF  \\$aPrevious copyright fee: GBP25.77$c22\3$e01-jul-2013$fGBP25.77$g0$hP$5Uk
=ACF  \\$aPrevious copyright fee: GBP24.97$c22\3$e01-jan-2014$fGBP24.97$g0$hP$5Uk
=ACF  \\$aPrevious copyright fee: GBP24.21$c22\3$e01-jul-2014$fGBP24.21$g0$hP$5Uk
=ACF  \\$aPrevious copyright fee: GBP25.77$c22\3$e01-apr-2015$fGBP25.77$g0$hP$5Uk
=ACF  \\$aPrevious copyright fee: GBP26.63$c22\3$e01-jul-2015$fGBP26.63$g0$hP$5Uk
=ACF  \\$aPrevious copyright fee: GBP25.77$c22\3$e01-oct-2015$fGBP25.77$g0$hP$5Uk
=ACF  \\$aPrevious copyright fee: GBP27.55$c22\3$e01-apr-2016$fGBP27.55$g0$hP$5Uk
=ACF  \\$aPrevious copyright fee: GBP29.59$c22\3$e01-oct-2016$fGBP29.59$g0$hP$5Uk
=ACF  \\$aPrevious copyright fee: GBP31.96$c22\3$e01-apr-2017$fGBP31.96$g0$hP$5Uk
=ACF  \\$aPrevious copyright fee: GBP30.73$c22\3$e01-oct-2017$fGBP30.73$g0$hP$5Uk
=LAS  \\$a5410$b40$c20230703$lBLL01$h1124

